@book{instrukcja,
  author = {Tadeusz Stacewicz},
  year = {2018},
  title = {L9 – Laserowa detekcja śladowych ilości gazów w powietrzu},
  note = {\url{https://www.fuw.edu.pl/IIPRACOWNIA/home/Opisy-cwiczen/L9_opis_2018.pdf}},
  publisher = {Uniwersytet Warszawski}
}

@book{strona,
  author = {Marek Wernicki},
  year = {2004},
  title = {PRACOWNIA FIZYCZNA DLA ZAAWANSOWANYCH},
  note = {\url{https://www.fuw.edu.pl/IIPRACOWNIA/home/}},
  publisher = {Uniwersytet Warszawski}
}

@book{SSWO,
  author = {Tadeusz Stacewicz, Piotrz Wasylczyk, Paweł Kowalczyk, Mariusz Semczyk},
  year = {2007},
  title = {Cavity ring down spectroscopy experiment for an advanced undergraduate laboratory},
  note = {\url{https://www.researchgate.net/publication/228875699_Cavity_ring_down_spectroscopy_experiment_for_an_advanced_undergraduate_laboratory}},
  publisher = {Uniwersytet Warszawski}
}
